@preamble{ "\newcommand{\noopsort}[1]{} "
	# "\newcommand{\printfirst}[2]{#1} "
	# "\newcommand{\singleletter}[1]{#1} "
	# "\newcommand{\switchargs}[2]{#2#1} " }


@ARTICLE{IHSstudy,
   key = "self",
   author = "",
   title = "{S}elf-{D}riving {C}ars {M}oving into the {I}ndustry's {D}river's {S}eat - {IHS} {A}utomotive {S}tudy",
   journal = {Automotive Industries},
   month = "January",
   year = 2014,
   pages = "507-508",
}

@ARTICLE{clytton,
   author = {Charlotte Lytton},
   title = {Do driverless cars need to make their passengers feel like drivers?},
   journal = {CNN},
   month = "November 27",
   year = 2014,
   note = "http://www.cnn.com/2014/11/27/tech/innovation/gigaom-storify-future-of-transport/index.html",
}

@ARTICLE{pross,
   author = {Phillip E. Ross},
   title = "{D}riverless {C}ars: {O}ptional by 2024, {M}andatory by 2044",
   journal = {IEEE Spectrum},
   month = "May 29",
   year = 2014,
   note = "http://spectrum.ieee.org/transportation/advanced-cars/driverless-cars-optional-by-2024-mandatory-by-2044",
}

@ARTICLE{simonite,
   author = {Tom Simonite},
   title = "{L}azy {H}umans {S}haped {G}oogle's {N}ew {A}utonomous {C}ar",
   journal = {MIT Technology Review},
   month = "May 30",
   year = 2014,
   note = "http://www.technologyreview.com/news/527756/lazy-humans-shaped-googles-new-autonomous-car/",
}

@ARTICLE{robotworx,
   key = "robot vehicles",
   author = "",
   title = "{R}obot {V}ehicles",
   journal = "{R}obot{W}orx",
   month = "Accessed December 11",
   year = "2014",
   note = "http://www.robots.com/articles/viewing/robot-vehicles",
}

@ARTICLE{wyegrist,
   key = "timeline",
   author = "",
   title = "{T}imeline",
   journal = "{W}ye {G}rist {M}ill website",
   month = "Accessed December 11",
   year = "2014",
   note = "http://www.oldwyemill.org/timeline.htm",
}

@BOOK{dieboldImpact,
   author = "John Diebold",
   title = "{A}utomation: {I}ts {I}mpact on {B}usiness and {L}abor",
   publisher = "National Planning Association",
   address = "Washington, D.C.",
   month = "May",
   year = "1959",
}

@ARTICLE{dieboldNew,
   author = "John Diebold",
   title = "{A}utomation-{T}he {N}ew {T}echnology",
   journal = {Harvard Business Review},
   volume = 31,
   number = 6,
   month = "Nov/Dec",
   year = 1953,
}

@UNPUBLISHED{roesmithYankee,
   author = "Merritt Roe Smith",
   title = "{Y}ankee {A}rmorers and the {U}nion {W}ar {M}achine",
   note = "(Author's draft, July 1, 2014)",
}

@BOOK{roesmithHarpers,
   author = "Merritt Roe Smith",
   title = "{H}arper's {F}erry {A}rmory and the {N}ew {T}echnology",
   publisher = "Cornell University Press",
   address = "Ithaca, NY",
   year = "1977",
}

@BOOK{hounshell,
   author = "David A. Hounshell",
   title = "{F}rom the {A}merican {S}ystem to {M}ass {P}roduction",
   publisher = "Johns Hopkins University Press",
   address = "Baltimore, MD",
   year = "1984",
}

@BOOK{normanThings,
   author = "Donald Norman",
   title = "{T}hings {T}hat {M}ake {U}s {S}mart: {D}efending {H}uman {A}ttributes in the {A}ge of the {M}echnology",
   publisher = "Addison-Wesley Pub. Co.",
   address = "Reading, MA",
   year = "1993",
}

@BOOK{aitken,
   author = "Hugh G. J. Aitken",
   title = "{T}aylorism at {W}atertown {A}rsenal: {S}cientific {M}anagement in {A}ction",
   publisher = "Harvard University Press",
   address = "Cambridge, MA",
   year = "1960",
}

@BOOK{nyeAmericas,
   author = "David E. Nye",
   title = "{A}merica's {A}ssenbly {L}ine",
   publisher = "MIT Press",
   address = "Cambridge, MA",
   year = "2013",
}

@BOOK{nobleForces,
   author = "David F. Noble",
   title = "{F}orces of {P}roduction: {A} {S}ocial {H}istory of {I}ndustrial {A}utomation",
   publisher = "Knopf",
   address = "New York",
   year = "1984",
}

@INBOOK{evansMillguide,
   author = "Oliver Evans",
   title = "{T}he {Y}oung {M}ill-{W}right and {M}iller's {G}uide",
   publisher = "Lea \& Blanchard",
   address = "Philadelphia",
   edition = "12th",
   year = "1848",
}

@BOOK{coxe,
   author = "Tench Coxe",
   title = "{S}tatement of the {A}rts and {M}anufactures of the {U}nited {S}tates of {A}merica for the year 1810",
   publisher = "A. Cornman",
   address = "Philadelphia",
   year = "1814",
}

@BOOK{martello,
   author = "Robert Martello",
   title = "{M}idnight {R}ide, {I}ndustrial {D}awn: {P}aul {R}evere and the {G}rowth of {A}merican {E}nterprise",
   publisher = "Johns Hopkins University Press",
   address = "Baltimore, MD",
   year = "2010",
}

@BOOK{mccorduck,
   author = "Pamela McCorduck",
   title = "{M}achines {W}ho {T}hink: {A} {P}ersonal {I}nquiry into the {H}istory and {P}rospects of {A}rtificial {I}ntelligence",
   publisher = "A K Peters via Books24x7",
   year = "2004",
}

@INCOLLECTION{patricklin,
   author = "Patrick Lin",
   title = "{I}ntroduction",
   editor = "Patrick Lin and Keith Abney and George A. Bekey",
   booktitle = "{R}obot {E}thics: {T}he {E}thical and {S}ocial {I}mplications of {R}obotics",
   publisher = "MIT Press",
   address = "Cambridge, MA",
   year = 2012,
}

@BOOK{shelley,
   author = "Mary Shelley",
   title = "{F}rankenstein; or, {T}he {M}odern {P}rometheus",
   publisher = "Sever, Francis, \& Co.",
   address = "Boston, MA",
   year = "1869",
}

@ARTICLE{riskinDuck,
   author = "Jessica Riskin",
   title = "{T}he {D}efecating {D}uck, or, the {A}mbiguous {O}rigins of {A}rtificial {L}ife",
   journal = "Critical Inquiry",
   year = 2003,
   volume = 29,
   number = 4,
   pages = "599--633",
   month = "Summer",
}

@BOOK{richardhills,
   author = "Richard L. Hills",
   title = "{P}ower {F}rom the {W}ind: {A} {H}istory of {W}indmill {T}echnology",
   publisher = "Cambridge University Press",
   address = "Cambridge, UK",
   year = "1996",
}

@ARTICLE{ottomayr,
   author = "Otto Mayr",
   title = "{M}axwell and the {O}rigins of {C}ybernetics",
   journal = "Isis",
   year = "1971",
   number = 62,
   volume = 4,
   pages = "424--444",
}

@BOOK{russellnorvig,
   author = "Stuart J. Russell and Peter Norvig",
   title = "{A}rtificial {I}ntelligence: {A} {M}odern {A}pproach",
   publisher = "Prentice Hall",
   address = "Upper Saddle River, New Jersey",
   edition = "Second",
   year = "2003",
}

@TECHREPORT{wienerMainIdeas,
   author = "Norbert Wiener",
   title = "{T}he {M}ain {I}deas of {C}ybernetics",
   institution = "From the Norbert Wiener Papers, MC 22. Box 31: Folder 798",
   type = "Lecture",
   address = "Institute Archives and Special Collections, MIT Libraries, Cambridge, MA",
   year = "ca. 1956",
}

@TECHREPORT{dartmouthconf,
   key = "mccarthy",
   author = "J. McCarthy and M. L. Minksy and N. Rochester and C. E. Shannon",
   title = "{A} {P}roposal for the {D}artmouth {S}ummer {R}esearch {P}roject on {A}rtificial {I}ntelligence",
   institution = "From the Norbert Wiener Papers, MC 22. Box 31: Folder 798",
   year = "1955",
   month = "August 31",
}

@BOOK{pollock,
   author = "John L. Pollock",
   title = "{H}ow to {B}uild a {P}erson: {A} {P}rolegomenon",
   publisher = "MIT Press",
   address = "Cambridge, MA",
   year = "1989",
}

@BOOK{ekbia,
   author = "Hamid R. Ekbia",
   title = "{A}rtificial {D}reams: {T}he {Q}uest for {N}on-{B}iological {I}ntelligence",
   publisher = "Cambridge University Press",
   address = "Cambridge, UK",
   year = "2008",
}

@BOOK{brooksflesh,
   author = "Rodney A. Brooks",
   title = "{F}lesh and {M}achines: {H}ow {R}obots {W}ill {C}hange {U}s",
   publisher = "Pantheon Books",
   address = "New York",
   year = "2002",
}

@ARTICLE{markoffImage,
   author = "John Markoff",
   title = "{R}esearchers {A}nnounce {A}dvance in {I}mage-{R}ecognition {S}oftware",
   journal = "New York Times",
   month = "November 17",
   year = 2014,
   note = "http://www.nytimes.com/2014/11/18/science/researchers-announce-breakthrough-in-content-recognition-software.html?_r=0",
}

@ARTICLE{gomesJordan,
   author = "Lee Gomes",
   title = "{M}achine-{L}earning {M}aestro {M}ichael {J}ordan on the {D}elusions of {B}ig {D}ata and {O}ther {H}uge {E}ngineering {E}fforts",
   journal = {IEEE Spectrum},
   month = "October 20",
   year = 2014,
   note = "http://spectrum.ieee.org/robotics/artificial-intelligence/machinelearning-maestro-michael-jordan-on-the-delusions-of-big-data-and-other-huge-engineering-efforts",
}

@ARTICLE{jordanResponse,
   author = "Michael Jordan",
   title = "{B}ig {D}ata, {H}ype, the {M}edia and {O}ther {P}rovocative {W}ords to {P}ut in a {T}itle",
   journal = "UC Berkeley AMPLab",
   month = "October 22",
   year = 2014,
   note = "Via the Internet Archive: http://web.archive.org/web/20150124043915/https://amplab.cs.berkeley.edu/2014/10/22/big-data-hype-the-media-and-other-provocative-words-to-put-in-a-title/",
}

@ARTICLE{vincentMario,
   author = "James Vincent",
   title = "{S}cientists are teaching {S}uper {M}ario to think and feel",
   journal = {The Verge},
   month = "January 19",
   year = 2015,
   note = "http://www.theverge.com/2015/1/19/7852975/artificially-intelligent-mario-learns-feel",
}

@ARTICLE{knightFurther,
   author = "Will Knight",
   title = "{D}riverless {C}ars are {F}urther {A}way {T}han {Y}ou {T}hink",
   journal = {MIT Technology Review},
   month = "October 22",
   year = 2013,
   note = "http://www.technologyreview.com/featuredstory/520431/driverless-cars-are-further-away-than-you-think/"
}

@BOOK{mackenzie,
   author = "Donald MacKenzie",
   title = "{I}nventing {A}ccuracy: {A} {H}istorical {S}ociology of {N}uclear {M}issile {G}uidance",
   publisher = "Pantheon Books",
   address = "New York",
   year = "2002",
}

@ARTICLE{onstar,
   key = "onstar",
   author = "",
   title = "{H}ome",
   journal = {OnStar Website},
   month = "Accessed October 19",
   year = 2014,
   note = "https://www.onstar.com/us/en/home.html",
}

@ARTICLE{wetmore,
   author = "Jameson Wetmore",
   title = "{D}riving the {D}ream: {T}he {H}istory and {M}otivations {B}ehind 60 {Y}ears of {A}utomated {H}ighway {S}ystems",
   journal = "Automotive History Review",
   year = 2003,
   month = "Summer",
   note = "Via PDF from Consortium for Science, Policy, \& Outcomes at ASU",
}

@ARTICLE{uberJardin,
   author = "Xeni Jardin",
   title = "{I}n an effort to suck up to local governments, {U}ber plans to share your ride data",
   journal = "Boing Boing",
   month = "January 15",
   year = 2015,
   note = "http://boingboing.net/2015/01/15/in-an-effort-to-suck-up-to-loc.html",
}

@ARTICLE{wadeKITT,
   author = "Peter Wade",
   title = "{I}s {T}hat {Y}ou, {KITT}? {A}udi {C}laims to {H}ave {S}et {D}rivelress {C}ar {S}peed {R}ecord",
   journal =  "FastCompany",
   month = "October 22",
   year = "2014",
   note = "http://www.fastcompany.com/3037455/is-that-you-kitt-audi-claims-to-have-set-driverless-car-speed-record",
}

@ARTICLE{fromHollywood,
   author = "CNN Wire Staff",
   title = "{D}riverless cars: {F}rom {H}ollywood to real world",
   journal =  "CNN",
   month = "November 22",
   year = "2013",
   note = "http://edition.cnn.com/2013/11/21/business/renault-nissan-ceo-wants-driverless/index.html",
}

@ARTICLE{pasdirtzSolution,
   author = "George Pasdirtz",
   title = "{A} {S}olution to {D}riverless {C}ar {P}roblems",
   journal =  "George Pasdirtz Random Noise blog",
   month = "January 31",
   year = "2015",
   note = "http://georgepasdirtz.blogspot.com/2015/01/a-solution-to-driverless-car-problems.html",
}

@ARTICLE{scifiToReality,
   key = "a window into a driverless",
   author = "",
   title = "{A} {W}indow {I}nto A {D}riverless {F}uture: {F}rom {S}cience {F}iction To {R}eality",
   journal =  "Seeking Alpha",
   month = "January 5",
   year = "2015",
   note = "http://seekingalpha.com/article/2798325-a-window-into-a-driverless-future-from-science-fiction-to-reality",
}

@ARTICLE{HCRIDriverless,
   author = "Alexa Peseri",
   title = "{T}he {G}oogle {D}riverless {C}ar: "{A} {C}ool {T}hing that {M}atters",
   journal =  "Humanity Centered Robotics Initiative",
   month = "August 25",
   year = "2013",
   note = "http://hcri.brown.edu/2013/08/25/the-google-driverless-car-a-cool-thing-that-matters/",
}

@ARTICLE{JetsonsAge,
   author = "Julianne Pepitone",
   title = "{J}etsons {A}ge {B}eckons, {B}ut {O}pinion {S}plit on {D}riverless {C}ar, {D}rones",
   journal =  "NBC News",
   month = "February 11",
   year = "2014",
   note = "http://www.nbcnews.com/tech/innovation/jetsons-age-beckons-opinion-split-driverless-car-drones-n27221",
}

@ARTICLE{walshVs,
   author = "Tamara Walsh",
   title = "{G}oogle vs. {T}esla vs. {F}ord: {W}ho {H}as the {B}est {S}elf-{D}riving {C}ar to {G}et {Y}ou {H}ome {S}afely",
   journal =  "The Motley Fool",
   month = "December 22",
   year = "2013",
   note = "http://www.fool.com/investing/general/2013/12/22/google-vs-tesla-vs-ford-who-has-the-best-self-driv.aspx",
}

@INCOLLECTION{smithSelling,
   author = "M. L. Smith",
   title = "{S}elling the {M}oon: {T}he {U.S.} {M}anned {S}pace {P}rogram and the {T}riumph of {C}ommodity {S}cientism",
   editor = "R. W. Fox and T. J. J. Lears",
   booktitle = "{T}he {C}ulture of {C}onsumption: {C}ritical {E}ssays in {A}merican {H}istory, 1880-1980",
   chapter = 6,
   type = "Chapter",
   pages = "175-236",
   publisher = "Pantheon",
   address = "New York",
   year = 1983,
}

@ARTICLE{rode500,
   author = "Alex Davies",
   title = "{I} {R}ode 500 {M}iles in a {S}elf-{D}riving {C}ar and {S}aw the {F}uture. {I}t's {D}elightfully {D}ull",
   journal =  "Wired",
   month = "January 7",
   year = "2015",
   note = "http://www.wired.com/2015/01/rode-500-miles-self-driving-car-saw-future-boring/",
}

@INCOLLECTION{frazzoliSingapore,
   author = "Kevin Spieser and Kype Treleaven and Rick Zhang and Emilio Frazzoli and Daniel Morton and Marco Pavone",
   title = "{T}oward a {S}ystematic {A}pproach to the {D}esign and {E}valuation of {A}utomated {M}obility-on-{D}emand {S}ystems",
   booktitle =  "Road Vehicle Automation",
   series = "Lecture Notes in Mobility",
   publisher = "Springer International Publishing",
   year = "2014",
   note = "Via MIT dSpace",
}

@BOOK{sheridan,
   author = "Thomas Sheridan",
   title = "{T}elerobotics, {A}utomation, and {H}uman {S}upervisory {C}ontrol",
   publisher = "MIT Press",
   address = "Cambridge, Massachusetts",
   edition = "Second",
   year = "1992",
}


@ARTICLE{pewPositive,
   author = "Aaron Smith and Janna Anderson",
   title = "{V}iews from {T}hose {W}ho {E}xpect {AI} and {R}obotics to {H}ave a {P}ositive or {N}eutral {I}mpact on {J}obs by 2025",
   journal =  "Pew Research Center",
   month = "August 6",
   year = "2014",
   note = "http://www.pewinternet.org/2014/08/06/views-from-those-who-expect-ai-and-robotics-to-have-a-positive-or-neutral-impact-on-jobs-by-2025/",
}



@TECHREPORT{predictPatent,
   author = "Jiajun Zhu and David I. Ferguson and Dmitri A. Dolgov",
   title = "System and method for predicting behaviors of detected objects",
   institution = "US Patent Application Publication",
   number = "2012/0083960 A1",
   month = "October",
   year = 2011,
}

@INCOLLECTION{winston,
   crossref = "grimsonpatil",
   author = "Patrick H. Winston",
   title = "{A}rtificial {I}ntelligence: {A} {P}erspective",
   pages = "1--10",
}

@INCOLLECTION{mobilebrooks,
   crossref = "grimsonpatil",
   author = "Rodney A. Brooks",
   title = "{A}utonomous {M}obile {R}obots",
   pages = "343--362",
}

@BOOK{grimsonpatil,
   editor = "W. Eric L. Grimson and Ramesh S. Patil",
   booktitle = "{AI} in the 1980s and {B}eyond",
   title = "{AI} in the 1980s and {B}eyond",
   publisher = "MIT Press",
   address = "Cambridge, MA",
   year = 1987,
}

@INCOLLECTION{newellsimon,
   crossref = "philosophyBoden",
   author = "Allen Newell and Herbert A. Simon",
   title = "{C}omputer {S}cience as {E}mpirical {E}nquiry: {S}ymbols and {S}earch",
   pages = "105--132",
}

@INCOLLECTION{escapingBoden,
   crossref = "philosophyBoden",
   author = "Margaret A. Boden",
   title = "{E}scaping from the {C}hinese {R}oom",
   pages = "89--104",
}

@INCOLLECTION{chineseSearle,
   crossref = "philosophyBoden",
   author = "John R. Searle",
   title = "{M}inds, {B}rains, and {P}rograms",
   pages = "67--88",
}

@INCOLLECTION{dennett,
   crossref = "philosophyBoden",
   author = "Daniel C. Dennett",
   title = "{C}ognitive {W}heels: {T}he {F}rame {P}roblem of {AI}",
   pages = "147--170",
}

@BOOK{philosophyBoden,
   editor = "Margaret A. Boden",
   booktitle = "{T}he {P}hilosophy of {A}rtificial {I}ntelligence",
   title = "{T}he {P}hilosophy of {A}rtificial {I}ntelligence",
   publisher = "Oxford University Press",
   address = "Oxford, UK",
   year = 1990,
}

@INCOLLECTION{marshallFuture,
   crossref = "kempCars",
   author = "Alex Marshall",
   title = "{T}he {F}uture of {T}ransportation",
   pages = "215--219",
}

@BOOK{kempCars,
   editor = "Roger L. Kemp",
   booktitle = "{C}ities and {C}ars: {A} {H}andbook of {B}est {P}ractices",
   title = "{C}ities and {C}ars: {A} {H}andbook of {B}est {P}ractices",
   publisher = "McFarland & Company",
   year = 2007,
}































@ARTICLE{article-minimal,
   author = {L[eslie] A. Aamport},
   title = {The Gnats and Gnus Document Preparation System},
   journal = {\mbox{G-Animal's} Journal},
   year = 1986,
}

@ARTICLE{article-full,
   author = {L[eslie] A. Aamport},
   title = {The Gnats and Gnus Document Preparation System},
   journal = {\mbox{G-Animal's} Journal},
   year = 1986,
   volume = 41,
   number = 7,
   pages = "73+",
   month = jul,
   note = "This is a full ARTICLE entry",
}

The KEY field is here to override the KEY field in the journal being
cross referenced (so is the NOTE field, in addition to its imparting
information).

@ARTICLE{article-crossref,
   crossref = {WHOLE-JOURNAL},
   key = "",
   author = {L[eslie] A. Aamport},
   title = {The Gnats and Gnus Document Preparation System},
   pages = "73+",
   note = "This is a cross-referencing ARTICLE entry",
}

@ARTICLE{whole-journal,
   key = "GAJ",
   journal = {\mbox{G-Animal's} Journal},
   year = 1986,
   volume = 41,
   number = 7,
   month = jul,
   note = {The entire issue is devoted to gnats and gnus
		(this entry is a cross-referenced ARTICLE (journal))},
}

@INBOOK{inbook-minimal,
   author = "Donald E. Knuth",
   title = "Fundamental Algorithms",
   publisher = "Addison-Wesley",
   year = "{\noopsort{1973b}}1973",
   chapter = "1.2",
}

@INBOOK{inbook-full,
   author = "Donald E. Knuth",
   title = "Fundamental Algorithms",
   volume = 1,
   series = "The Art of Computer Programming",
   publisher = "Addison-Wesley",
   address = "Reading, Massachusetts",
   edition = "Second",
   month = "10~" # jan,
   year = "{\noopsort{1973b}}1973",
   type = "Section",
   chapter = "1.2",
   pages = "10--119",
   note = "This is a full INBOOK entry",
}

@INBOOK{inbook-crossref,
   crossref = "whole-set",
   title = "Fundamental Algorithms",
   volume = 1,
   series = "The Art of Computer Programming",
   edition = "Second",
   year = "{\noopsort{1973b}}1973",
   type = "Section",
   chapter = "1.2",
   note = "This is a cross-referencing INBOOK entry",
}

@BOOK{book-minimal,
   author = "Donald E. Knuth",
   title = "Seminumerical Algorithms",
   publisher = "Addison-Wesley",
   year = "{\noopsort{1973c}}1981",
}

@BOOK{book-full,
   author = "Donald E. Knuth",
   title = "Seminumerical Algorithms",
   volume = 2,
   series = "The Art of Computer Programming",
   publisher = "Addison-Wesley",
   address = "Reading, Massachusetts",
   edition = "Second",
   month = "10~" # jan,
   year = "{\noopsort{1973c}}1981",
   note = "This is a full BOOK entry",
}

@BOOK{book-crossref,
   crossref = "whole-set",
   title = "Seminumerical Algorithms",
   volume = 2,
   series = "The Art of Computer Programming",
   edition = "Second",
   year = "{\noopsort{1973c}}1981",
   note = "This is a cross-referencing BOOK entry",
}

@BOOK{whole-set,
   author = "Donald E. Knuth",
   publisher = "Addison-Wesley",
   title = "The Art of Computer Programming",
   series = "Four volumes",
   year = "{\noopsort{1973a}}{\switchargs{--90}{1968}}",
   note = "Seven volumes planned (this is a cross-referenced set of BOOKs)",
}

@BOOKLET{booklet-minimal,
   key = "Kn{\printfirst{v}{1987}}",
   title = "The Programming of Computer Art",
}

@BOOKLET{booklet-full,
   author = "Jill C. Knvth",
   title = "The Programming of Computer Art",
   howpublished = "Vernier Art Center",
   address = "Stanford, California",
   month = feb,
   year = 1988,
   note = "This is a full BOOKLET entry",
}

@INCOLLECTION{incollection-minimal,
   author = "Daniel D. Lincoll",
   title = "Semigroups of Recurrences",
   booktitle = "High Speed Computer and Algorithm Organization",
   publisher = "Academic Press",
   year = 1977,
}

@INCOLLECTION{incollection-full,
   author = "Daniel D. Lincoll",
   title = "Semigroups of Recurrences",
   editor = "David J. Lipcoll and D. H. Lawrie and A. H. Sameh",
   booktitle = "High Speed Computer and Algorithm Organization",
   number = 23,
   series = "Fast Computers",
   chapter = 3,
   type = "Part",
   pages = "179--183",
   publisher = "Academic Press",
   address = "New York",
   edition = "Third",
   month = sep,
   year = 1977,
   note = "This is a full INCOLLECTION entry",
}

@INCOLLECTION{incollection-crossref,
   crossref = "whole-collection",
   author = "Daniel D. Lincoll",
   title = "Semigroups of Recurrences",
   pages = "179--183",
   note = "This is a cross-referencing INCOLLECTION entry",
}

@BOOK{whole-collection,
   editor = "David J. Lipcoll and D. H. Lawrie and A. H. Sameh",
   title = "High Speed Computer and Algorithm Organization",
   booktitle = "High Speed Computer and Algorithm Organization",
   number = 23,
   series = "Fast Computers",
   publisher = "Academic Press",
   address = "New York",
   edition = "Third",
   month = sep,
   year = 1977,
   note = "This is a cross-referenced BOOK (collection) entry",
}

@MANUAL{manual-minimal,
   key = "Manmaker",
   title = "The Definitive Computer Manual",
}

@MANUAL{manual-full,
   author = "Larry Manmaker",
   title = "The Definitive Computer Manual",
   organization = "Chips-R-Us",
   address = "Silicon Valley",
   edition = "Silver",
   month = apr # "-" # may,
   year = 1986,
   note = "This is a full MANUAL entry",
}

@MASTERSTHESIS{mastersthesis-minimal,
   author = "{\'{E}}douard Masterly",
   title = "Mastering Thesis Writing",
   school = "Stanford University",
   year = 1988,
}

@MASTERSTHESIS{mastersthesis-full,
   author = "{\'{E}}douard Masterly",
   title = "Mastering Thesis Writing",
   school = "Stanford University",
   type = "Master's project",
   address = "English Department",
   month = jun # "-" # aug,
   year = 1988,
   note = "This is a full MASTERSTHESIS entry",
}

@MISC{misc-minimal,
   key = "Missilany",
   note = "This is a minimal MISC entry",
}

@MISC{misc-full,
   author = "Joe-Bob Missilany",
   title = "Handing out random pamphlets in airports",
   howpublished = "Handed out at O'Hare",
   month = oct,
   year = 1984,
   note = "This is a full MISC entry",
}

@STRING{STOC-key = "OX{\singleletter{stoc}}"}

@STRING{ACM = "The OX Association for Computing Machinery"}

@STRING{STOC = " Symposium on the Theory of Computing"}

@INPROCEEDINGS{inproceedings-minimal,
   author = "Alfred V. Oaho and Jeffrey D. Ullman and Mihalis Yannakakis",
   title = "On Notions of Information Transfer in {VLSI} Circuits",
   booktitle = "Proc. Fifteenth Annual ACM" # STOC,
   year = 1983,
}

@INPROCEEDINGS{inproceedings-full,
   author = "Alfred V. Oaho and Jeffrey D. Ullman and Mihalis Yannakakis",
   title = "On Notions of Information Transfer in {VLSI} Circuits",
   editor = "Wizard V. Oz and Mihalis Yannakakis",
   booktitle = "Proc. Fifteenth Annual ACM" # STOC,
   number = 17,
   series = "All ACM Conferences",
   pages = "133--139",
   month = mar,
   year = 1983,
   address = "Boston",
   organization = ACM,
   publisher = "Academic Press",
   note = "This is a full INPROCEDINGS entry",
}

@INPROCEEDINGS{inproceedings-crossref,
   crossref = "whole-proceedings",
   author = "Alfred V. Oaho and Jeffrey D. Ullman and Mihalis Yannakakis",
   title = "On Notions of Information Transfer in {VLSI} Circuits",
   organization = "",
   pages = "133--139",
   note = "This is a cross-referencing INPROCEEDINGS entry",
}

@PROCEEDINGS{proceedings-minimal,
   key = STOC-key,
   title = "Proc. Fifteenth Annual" # STOC,
   year = 1983,
}

@PROCEEDINGS{proceedings-full,
   editor = "Wizard V. Oz and Mihalis Yannakakis",
   title = "Proc. Fifteenth Annual" # STOC,
   number = 17,
   series = "All ACM Conferences",
   month = mar,
   year = 1983,
   address = "Boston",
   organization = ACM,
   publisher = "Academic Press",
   note = "This is a full PROCEEDINGS entry",
}

@PROCEEDINGS{whole-proceedings,
   key = STOC-key,
   organization = ACM,
   title = "Proc. Fifteenth Annual" # STOC,
   address = "Boston",
   year = 1983,
   booktitle = "Proc. Fifteenth Annual ACM" # STOC,
   note = "This is a cross-referenced PROCEEDINGS",
}

@PHDTHESIS{phdthesis-minimal,
   author = "F. Phidias Phony-Baloney",
   title = "Fighting Fire with Fire: Festooning {F}rench Phrases",
   school = "Fanstord University",
   year = 1988,
}

@PHDTHESIS{phdthesis-full,
   author = "F. Phidias Phony-Baloney",
   title = "Fighting Fire with Fire: Festooning {F}rench Phrases",
   school = "Fanstord University",
   type = "{PhD} Dissertation",
   address = "Department of French",
   month = jun # "-" # aug,
   year = 1988,
   note = "This is a full PHDTHESIS entry",
}

@TECHREPORT{techreport-minimal,
   author = "Tom Terrific",
   title = "An {$O(n \log n / \! \log\log n)$} Sorting Algorithm",
   institution = "Fanstord University",
   year = 1988,
}

@TECHREPORT{techreport-full,
   author = "Tom T{\'{e}}rrific",
   title = "An {$O(n \log n / \! \log\log n)$} Sorting Algorithm",
   institution = "Fanstord University",
   type = "Wishful Research Result",
   number = "7",
   address = "Computer Science Department, Fanstord, California",
   month = oct,
   year = 1988,
   note = "This is a full TECHREPORT entry",
}

@UNPUBLISHED{unpublished-minimal,
   author = "Ulrich {\"{U}}nderwood and Ned {\~N}et and Paul {\={P}}ot",
   title = "Lower Bounds for Wishful Research Results",
   note = "Talk at Fanstord University (this is a minimal UNPUBLISHED entry)",
}

@UNPUBLISHED{unpublished-full,
   author = "Ulrich {\"{U}}nderwood and Ned {\~N}et and Paul {\={P}}ot",
   title = "Lower Bounds for Wishful Research Results",
   month = nov # ", " # dec,
   year = 1988,
   note = "Talk at Fanstord University (this is a full UNPUBLISHED entry)",
}

@MISC{random-note-crossref,
   key = {Volume-2},
   note = "Volume~2 is listed under Knuth \cite{book-full}",
}
